<?xml version="1.0" encoding="UTF-8"?><collection xmlns="http://www.loc.gov/MARC21/slim"><record><leader>00504nam--2200181-i-4500</leader><controlfield tag="001">000033340</controlfield><controlfield tag="002">20161230</controlfield><controlfield tag="005">20161230201039</controlfield><controlfield tag="008">060222s1000------------r-----000-0-ger-d</controlfield><datafield ind1=" " ind2=" " tag="040"><subfield code="a">IFIN-HH</subfield></datafield><datafield ind1=" " ind2=" " tag="041"><subfield code="a">ger</subfield></datafield><datafield ind1=" " ind2=" " tag="080"><subfield code="a">539.141(043)</subfield></datafield><datafield ind1="1" ind2=" " tag="100"><subfield code="a">Metzner, Walter</subfield></datafield><datafield ind1="1" ind2="0" tag="245"><subfield code="a">Korrelierte gitter-fermionen in hohen dimensionen</subfield><subfield code="b">Dissertation</subfield><subfield code="c">Walter metzner</subfield></datafield><datafield ind1=" " ind2=" " tag="260"><subfield code="a">Aachen</subfield><subfield code="b">Rheinisch-westfalischen Technischen</subfield><subfield code="c">1989</subfield></datafield><datafield ind1=" " ind2=" " tag="300"><subfield code="a">170P</subfield></datafield><datafield ind1=" " ind2=" " tag="852"><subfield code="a">79268</subfield><subfield code="c">539.2</subfield></datafield><datafield ind1=" " ind2=" " tag="CAT"><subfield code="a">Sys</subfield><subfield code="c">20121203</subfield><subfield code="h">141208</subfield></datafield></record></collection>